@incollection{HTT,
  title={Regular Holonomic D-Modules},
  author={Hotta, Ryoshi and Takeuchi, Kiyoshi and Tanisaki, Toshiyuki},
  booktitle={D-Modules, Perverse Sheaves, and Representation Theory},
  year={2008},
  publisher={Springer}
}